<record><leader>00000cas a22000007a 4500</leader><controlfield tag="001">12781029</controlfield><controlfield tag="008">851111d18861893wiuwr ne      0    0eng d</controlfield><datafield ind1=" " ind2=" " tag="010"><subfield code="a">sn 85041366 </subfield></datafield><datafield ind1=" " ind2=" " tag="040"><subfield code="a">NPV</subfield><subfield code="b">eng</subfield><subfield code="c">NPV</subfield><subfield code="d">OCLCQ</subfield></datafield><datafield ind1=" " ind2=" " tag="042"><subfield code="a">msc</subfield></datafield><datafield ind1=" " ind2=" " tag="045"><subfield code="a">w8w9</subfield></datafield><datafield ind1=" " ind2=" " tag="052"><subfield code="a">4123</subfield><subfield code="b">O5</subfield></datafield><datafield ind1="0" ind2="0" tag="245"><subfield code="a">Oneida County herald.</subfield></datafield><datafield ind1=" " ind2=" " tag="260"><subfield code="a">Rhinelander, Wis. :</subfield><subfield code="b">Johnson &amp; Patchen,</subfield><subfield code="c">-1893.</subfield></datafield><datafield ind1=" " ind2=" " tag="300"><subfield code="a">v. :</subfield><subfield code="b">ill.</subfield></datafield><datafield ind1=" " ind2=" " tag="310"><subfield code="a">Weekly</subfield></datafield><datafield ind1="0" ind2=" " tag="362"><subfield code="a">-ninth year, no. 15 (Aug. 5, 1893).</subfield></datafield><datafield ind1="1" ind2=" " tag="362"><subfield code="a">Began in July, 1886.</subfield><subfield code="z">Cf. Oehlerts, d. E. Guide to Wis. newspapers.</subfield></datafield><datafield ind1=" " ind2=" " tag="500"><subfield code="a">Publisher varies.</subfield></datafield><datafield ind1=" " ind2=" " tag="500"><subfield code="a">Editors: G.M. Patchen, &lt;Oct. 24, 1891&gt;-Jan. 16, 1892; J.R. Howe, April 9, 1892-March 25, 1893.</subfield></datafield><datafield ind1=" " ind2=" " tag="530"><subfield code="a">Available on microfilm from The State Historical Society of Wisconsin.</subfield></datafield><datafield ind1=" " ind2=" " tag="588"><subfield code="a">Description based on: Vol. 7, no. 26 (Oct. 24, 1891).</subfield></datafield><datafield ind1=" " ind2=" " tag="752"><subfield code="a">United States</subfield><subfield code="b">Wisconsin</subfield><subfield code="c">Oneida</subfield><subfield code="d">Rhinelander.</subfield></datafield><datafield ind1="0" ind2="0" tag="785"><subfield code="t">Rhinelander herald</subfield><subfield code="w">(DLC)sn 85041367</subfield></datafield><datafield ind1="1" ind2=" " tag="029"><subfield code="a">AU@</subfield><subfield code="b">000023481859</subfield></datafield></record>